@misc{mythril,
    url = "https://github.com/ConsenSys/mythril",
    author = "Mueller, Bernhard",
    year = "2017",
    publisher = "Github",
    title = "Security analysis tool for Ethereum smart contracts",
}

@misc{ethereumyellow,
    url = "https://ethereum.github.io/yellowpaper/paper.pdf",
    author = "Wood, Gavin",
    year = "2018",
    title = "ETHEREUM: A SECURE DECENTRALISED GENERALISED TRANSACTION LEDGER",
}

@misc{ethereumwhite,
    url = "https://github.com/ethereum/wiki/wiki/White-Paper",
    author = "Buterin, Vitalik",
    title = "Ethereum: A Next-Generation Smart Contract and Decentralized Application Platform",
    year = "2013",
}

@Article{szabo,
    url = "http://firstmonday.org/ojs/index.php/fm/article/view/548",
    author = "Szabo, Nick",
    title = "Formalizing and securing relationships on public networks",
    journal = "First Monday",
    volume = "2",
    number = "9",
    year = "1997",
}

@misc{bitcoin,
    url = {{http://www.bitcoin.org/bitcoin.pdf}},
    title = {{Bitcoin: A peer-to-peer electronic cash system}},
    author = {Nakamoto, Satoshi},
    year = {{2008}},
}

@misc{soliditybugs,
    author = "Buterin, Vitalik",
    howpublished = "Blog",
    year = "2016",
    url = "https://blog.ethereum.org/2016/06/19/thinking-smart-contract-security/",
}

@misc{erc20,
    author = "Vogelsteller, Fabian and Buterin, Vitalik",
    title = "ERC-20 Token Standard",
    publisher = "Github",
    year = "2015",
}

@inproceedings{z3,
     author = {De Moura, Leonardo and Bj{\o}rner, Nikolaj},
     title = {Z3: An Efficient SMT Solver},
     booktitle = {Proceedings of the Theory and Practice of Software, 14th International Conference on Tools and Algorithms for the Construction and Analysis of Systems},
     series = {TACAS'08/ETAPS'08},
     year = {2008},
     isbn = {3-540-78799-2, 978-3-540-78799-0},
     location = {Budapest, Hungary},
     pages = {337--340},
     numpages = {4},
     url = {http://dl.acm.org/citation.cfm?id=1792734.1792766},
     acmid = {1792766},
     publisher = {Springer-Verlag},
     address = {Berlin, Heidelberg},
} 

@inproceedings{verif1,
     author = {Amani, Sidney and B{\'e}gel, Myriam and Bortin, Maksym and Staples, Mark},
     title = {Towards Verifying Ethereum Smart Contract Bytecode in Isabelle/HOL},
     booktitle = {Proceedings of the 7th ACM SIGPLAN International Conference on Certified Programs and Proofs},
     series = {CPP 2018},
     year = {2018},
     isbn = {978-1-4503-5586-5},
     location = {Los Angeles, CA, USA},
     pages = {66--77},
     numpages = {12},
     url = {http://doi.acm.org/10.1145/3167084},
     doi = {10.1145/3167084},
     acmid = {3167084},
     publisher = {ACM},
     address = {New York, NY, USA},
     keywords = {Ethereum, Isabelle/HOL, blockchain, formal verification, smart contracts},
} 

@misc{oyente,
    author = {Loi Luu and Duc-Hiep Chu and Hrishi Olickel and Prateek Saxena and Aquinas Hobor},
    title = {Making Smart Contracts Smarter},
    howpublished = {Cryptology ePrint Archive, Report 2016/633},
    year = {2016},
    note = {\url{https://eprint.iacr.org/2016/633}},
}

@inproceedings{fstar,
     author = {Bhargavan, Karthikeyan and Delignat-Lavaud, Antoine and Fournet, C{\'e}dric and Gollamudi, Anitha and Gonthier, Georges and Kobeissi, Nadim and Kulatova, Natalia and Rastogi, Aseem and Sibut-Pinote, Thomas and Swamy, Nikhil and Zanella-B{\'e}guelin, Santiago},
     title = {Formal Verification of Smart Contracts: Short Paper},
     booktitle = {Proceedings of the 2016 ACM Workshop on Programming Languages and Analysis for Security},
     series = {PLAS '16},
     year = {2016},
     isbn = {978-1-4503-4574-3},
     location = {Vienna, Austria},
     pages = {91--96},
     numpages = {6},
     url = {http://doi.acm.org/10.1145/2993600.2993611},
     doi = {10.1145/2993600.2993611},
     acmid = {2993611},
     publisher = {ACM},
     address = {New York, NY, USA},
     keywords = {EVM, ethereum, formal verification, smart contracts, solidity},
} 


